@inproceedings{islam2014geofaces,
  author={Mohammad T. Islam and Scott Workman and Hui Wu and Richard
    Souvenir and Nathan Jacobs},
  title={{Exploring the Geo-Dependence of Human Face Appearance}},
  year=2014,
  booktitle={{IEEE Winter Conference on Applications of
    Computer Vision (WACV)}}
}
